@manual{V28,
  author = {TU Dortmund},
  title = {Versuch 28, Elektronenspin-Resonanz},
  year = "29.05.2017",
  address = {http://129.217.224.2/HOMEPAGE/PHYSIKER/BACHELOR/FP/SKRIPT/ESR.pdf},
},
@manual{Lande,
  author = {Thomas Strohm},
  title = {Lande-Faktor},
  year = "15.11.2004",
  address = {http://www.tstrohm.de/Physics/Wikipedia/Lande-Faktor/Lande-Faktor.html},
}
