@manual{V406,
  author = {Physikalisches Praktikum der TU Dortmund},
  title = {Versuch 406, Beugung am Spalt},
  year = 2016,
  month = 11,
  address = {http://129.217.224.2/HOMEPAGE/PHYSIKER/BACHELOR/AP/SKRIPT/V406.pdf},
}
@manual{V61,
  author = {Physikalisches Praktikum der TU Dortmund},
  title = {Versuch 61, He-Ne-Laser},
  year = 2016,
  month = 11,
  address = {http://129.217.224.2/HOMEPAGE/PHYSIKER/BACHELOR/FP/SKRIPT/V61.pdf},
}
@manual{TEM,
  author = {Wikipedia},
  title = {Laser, "Verschiedene Intensitätsprofile für einen Resonator mit rechteckigen Spiegeln"},
  year = 2016,
  month = 11,
  address = {https://de.wikipedia.org/wiki/Laser\#/media/File:TEMmn.png},
}
