@manual{V27,
  author = {Physikalisches Praktikum der TU Dortmund},
  title = {Versuch 27, Der Zeeman-Effekt},
  year = 2017,
  month = 01,
  address = {http://129.217.224.2/HOMEPAGE/PHYSIKER/BACHELOR/FP/SKRIPT/V27.pdf},
}

@manual{uncertainties,
  author = {Eric O. LEBIGOT},
  title = {Uncertainties: a Python package for calculations with uncertainties},
  year = 2017,
  month = 01,
  address = {http://pythonhosted.org/uncertainties/}
}

@manual{scipy,
  author = {Unbekannt},
  title = {Die Funktion "scipy.optimize.curve\_fit"},
  year = 2017,
  month = 01,
  address = {https://docs.scipy.org/doc/scipy-0.18.1/reference/generated/scipy.optimize.curve\_fit.html}
}

@manual{const,
  author = {National Institute of Standards and Technology (Nist)},
  title = {Bohr magneton},
  year = 2017,
  month = 01,
  address = {http://physics.nist.gov/cgi-bin/cuu/Value?mub|search\_for=bohr+}
}
