@manual{DIN,
  author = {Vakuumtechnik; Benennungen und Definitionen; Allgemeine Benennungen},
  title = {DIN 28499 Teil 1},
  year = 1990,
  month = 05,
},
@manual{Turbo,
  author = {Wikipedia, User: Liquidat},
  title = {Cut through turbomolecular pump},
  year = 2017,
  month = 05,
  address = {https://de.wikipedia.org/wiki/Turbomolekularpumpe},
},
@manual{Dreh,
  author = {Edelmann, Chr},
  title = {Vakuumphysik, Spektrum Akademischer Verlag, Heidelberg/Berlin},
  year = 1998,
},
@manual{Jena,
  author = {Wutz, Adam, Walcher},
  title = {Theorie und Praxis der Vakuumtechnik, Vieweg, Braunschweig/
  Wiesbaden},
  year = 1992,
},
@manual{Pfeiffer,
  author = {Pfeiffer Vacuum},
  title = {Schematischer Aufbau zum Vakuumversuch V70},
  year = 2014,
  month = 12,
},
@manual{Heiss,
  author = {Wikipedia, User: Surst},
  title = {Schematischer Aufbau einer Glühkathode nach Bayard-Alpert},
  year = 2010,
  month = 06,
  address = {https://de.wikipedia.org/wiki/Ionisations-Vakuummeter},
},
@manual{Uebersicht,
  author = {Pfeiffer Vacuum},
  title = {Einteilung der Vakuumpumpen},
  year = 2017,
  month = 05,
  address = {https://www.pfeiffer-vacuum.com/de/know-how/vakuumerzeugung/pumpprinzipien-und-leistungsdaten-von-vakuumpumpen/},
},
@manual{curvefit,
  author = {The Scipy community},
  title = {SciPy.org "scipy.optimize.curve\_fit"},
  year = 2017,
  month = 05,
  address = {https://docs.scipy.org/doc/scipy-0.18.1/reference/generated/scipy.optimize.curve\_fit.html},
},
@manual{V70,
  author = {Technische Universität Dortmund},
  title = {Versuch 70, Vakuumphysik},
  year = 2017,
  month = 05,
  address = {http://129.217.224.2/HOMEPAGE/PHYSIKER/BACHELOR/FP/SKRIPT/LeitfadenV70.pdf},
},
@manual{Grundlagen,
  author = {Dr. Walter Umrath},
  title = {Grundlagen der Vakuumphysik},
  year = 2017,
  month = 06,
  address = {https://www.google.de/url?sa=t\&rct=j\&q=\&esrc=s\&source=web\&cd=1\&ved=0ahUKEwjXotC\_wLHUAhXGPxQKHaoJCdQQFggsMAA\&url=http\%3A\%2F\%2Freaktiveplasmen.rub.de\%2Ffiles\%2Flehre\%2Fpww\%2FGrundalgenderVakuumtechnik.pdf\&usg=AFQjCNFOPTOHNi531KkemsZCiioF1YUhlQ\&sig2=HWB2q7A2M1NYFg-Hi73eeA\&cad=rja},
},
