@manual{V18,
  author = {Physikalisches Praktikum der TU Dortmund},
  title = {Versuch 18, Der Reinst-Germanium-Detektor als Instrument der Gamma-Spektroskopie},
  year = 2017,
  month = 01,
  address = {http://129.217.224.2/HOMEPAGE/PHYSIKER/BACHELOR/FP/SKRIPT/V18.pdf},
}

@manual{Cs,
  author = {EHS},
  title = {IAEA - Nuclear Data Section},
  year = 2017,
  month = 01,
  address = {ehs.missouri.edu/rad/isotopedata/cs-137.pdf},
}
